[
    {
        "product_name_a": "PHILADELPHIA CREAM CHEESE ORIGINAL 8 OZ",
        "product_name_b": "PHILADELPHIA ORIGINAL CREAM CHEESE 8 OZ BRICK",
        "price_a": "$4.00",
        "price_b": "$2.32",
        "price_diff": "$1.68",
        "unit_price_a": "$0.5000 PER OZ",
        "unit_price_b": "$0.2900 PER OZ",
        "unit_price_diff": "$0.2100",
        "matching_score": 92.85714285714286
    },
    {
        "product_name_a": "GOYA MAIZ TIERNO BAJO EN SODIO 875 OZ",
        "product_name_b": "GOYA MA√çZ TIERNO BAJO EN SODIO 875 OZ CAN",
        "price_a": "$1.09",
        "price_b": "$0.88",
        "price_diff": "$0.21",
        "unit_price_a": "$0.0012 PER OZ",
        "unit_price_b": "$0.0010 PER OZ",
        "unit_price_diff": "$0.0002",
        "matching_score": 92.3076923076923
    },
    {
        "product_name_a": "CHUCK WAGON CHICKEN FRANKS 12 OZ",
        "product_name_b": "CHUCK WAGON CHICKEN FRANKS 12 OZ 340G",
        "price_a": "$1.45",
        "price_b": "$1.42",
        "price_diff": "$0.03",
        "unit_price_a": "$0.1208 PER OZ",
        "unit_price_b": "$0.1183 PER OZ",
        "unit_price_diff": "$0.0025",
        "matching_score": 92.7536231884058
    },
    {
        "product_name_a": "KRAFT MOZZARELLA SHREDDED CHEESE 8 OZ",
        "product_name_b": "KRAFT MOZZARELLA SHREDDED CHEESE 8 OZ BAG",
        "price_a": "$5.00",
        "price_b": "$3.18",
        "price_diff": "$1.82",
        "unit_price_a": "$0.6250 PER OZ",
        "unit_price_b": "$0.3975 PER OZ",
        "unit_price_diff": "$0.2275",
        "matching_score": 94.87179487179486
    },
    {
        "product_name_a": "LIBBYS CORNED BEEF 12 OZ",
        "product_name_b": "LIBBYS CORNED BEEF 12 OZ CAN",
        "price_a": "$4.99",
        "price_b": "$5.98",
        "price_diff": "$0.99",
        "unit_price_a": "$0.4158 PER OZ",
        "unit_price_b": "$0.4983 PER OZ",
        "unit_price_diff": "$0.0825",
        "matching_score": 92.3076923076923
    },
    {
        "product_name_a": "GOYA VEGETALES MIXTOS 85 OZ",
        "product_name_b": "GOYA VEGETALES MIXTOS 825 OZ CAN",
        "price_a": "$1.09",
        "price_b": "$0.88",
        "price_diff": "$0.21",
        "unit_price_a": "$0.0128 PER OZ",
        "unit_price_b": "$0.0011 PER OZ",
        "unit_price_diff": "$0.0118",
        "matching_score": 91.52542372881356
    },
    {
        "product_name_a": "NABISCO CAMEO CREME SANDWICH COOKIES 133 OZ",
        "product_name_b": "NABISCO CAMEO CREME SANDWICH COOKIES 133 OZ 4 PACKS",
        "price_a": "$4.15",
        "price_b": "$34.49",
        "price_diff": "$30.34",
        "unit_price_a": "$0.0312 PER OZ",
        "unit_price_b": "$0.2593 PER OZ",
        "unit_price_diff": "$0.2281",
        "matching_score": 91.48936170212765
    },
    {
        "product_name_a": "BROOKFIELD BUTTER 16 OZ",
        "product_name_b": "BROOKFIELD BUTTER 16 OZ",
        "price_a": "$7.15",
        "price_b": "$5.47",
        "price_diff": "$1.68",
        "unit_price_a": "$0.4469 PER OZ",
        "unit_price_b": "$0.3419 PER OZ",
        "unit_price_diff": "$0.1050",
        "matching_score": 100.0
    },
    {
        "product_name_a": "FRENCHS POTATO STICKS ORIGINAL 5 OZ",
        "product_name_b": "FRENCHS ORIGINAL POTATO STICKS 16 OZ",
        "price_a": "$3.19",
        "price_b": "$6.94",
        "price_diff": "$3.75",
        "unit_price_a": "$0.6380 PER OZ",
        "unit_price_b": "$0.4338 PER OZ",
        "unit_price_diff": "$0.2042",
        "matching_score": 95.77464788732395
    },
    {
        "product_name_a": "TOSTITOS SCOOPS TORTILLA CHIPS 10 OZ",
        "product_name_b": "TOSTITOS SCOOPS TORTILLA CHIPS 10 OZ BAG",
        "price_a": "$5.29",
        "price_b": "$12.78",
        "price_diff": "$7.49",
        "unit_price_a": "$0.5290 PER OZ",
        "unit_price_b": "$1.2780 PER OZ",
        "unit_price_diff": "$0.7490",
        "matching_score": 94.73684210526316
    },
    {
        "product_name_a": "STARKIST CHUNK LIGHT TUNA IN WATER 5 OZ",
        "product_name_b": "STARKIST CHUNK LIGHT TUNA IN WATER CAN",
        "price_a": "$1.89",
        "price_b": "$5.98",
        "price_diff": "$4.09",
        "unit_price_a": "$0.3780 PER OZ",
        "unit_price_b": "$5.9800 PER ITEM",
        "unit_price_diff": "$5.6020",
        "matching_score": 90.9090909090909
    },
    {
        "product_name_a": "BROOKFIELD BUTTER UNSALTED 16 OZ",
        "product_name_b": "BROOKFIELD UNSALTED BUTTER 16 OZ",
        "price_a": "$7.15",
        "price_b": "$5.47",
        "price_diff": "$1.68",
        "unit_price_a": "$0.4469 PER OZ",
        "unit_price_b": "$0.3419 PER OZ",
        "unit_price_diff": "$0.1050",
        "matching_score": 100.0
    },
    {
        "product_name_a": "PREGO PIZZERIA STYLE PIZZA SAUCE 14 OZ",
        "product_name_b": "PREGO PIZZERIA STYLE PIZZA SAUCE 14 OZ JAR",
        "price_a": "$2.05",
        "price_b": "$2.86",
        "price_diff": "$0.81",
        "unit_price_a": "$0.1464 PER OZ",
        "unit_price_b": "$0.2043 PER OZ",
        "unit_price_diff": "$0.0579",
        "matching_score": 95.0
    },
    {
        "product_name_a": "BORDEN SPREADABLE BUTTER WITH CANOLA OIL 8 OZ",
        "product_name_b": "BORDEN SPREADABLE BUTTER WITH CANOLA OIL 8 OZ TUB",
        "price_a": "$3.99",
        "price_b": "$3.97",
        "price_diff": "$0.02",
        "unit_price_a": "$0.4988 PER OZ",
        "unit_price_b": "$0.4963 PER OZ",
        "unit_price_diff": "$0.0025",
        "matching_score": 95.74468085106383
    },
    {
        "product_name_a": "AMERICAN VALUE HONEY HAM 8 OZ",
        "product_name_b": "AMERICAN VALU HONEY HAM 8 OZ",
        "price_a": "$6.00",
        "price_b": "$3.22",
        "price_diff": "$2.78",
        "unit_price_a": "$0.7500 PER OZ",
        "unit_price_b": "$0.4025 PER OZ",
        "unit_price_diff": "$0.3475",
        "matching_score": 98.24561403508771
    },
    {
        "product_name_a": "BUMBLE BEE SOLID WHITE ALBACORE IN WATER 5 OZ",
        "product_name_b": "BUMBLE BEE SOLID WHITE ALBACORE TUNA IN WATER 5 OZ CAN",
        "price_a": "$2.85",
        "price_b": "$2.56",
        "price_diff": "$0.29",
        "unit_price_a": "$0.5700 PER OZ",
        "unit_price_b": "$0.5120 PER OZ",
        "unit_price_diff": "$0.0580",
        "matching_score": 90.9090909090909
    },
    {
        "product_name_a": "FLORIDAS NATURAL LEMONADE PULP 59 OZ",
        "product_name_b": "FLORIDAS NATURAL LEMONADE 59 OZ",
        "price_a": "$5.49",
        "price_b": "$4.94",
        "price_diff": "$0.55",
        "unit_price_a": "$0.0931 PER OZ",
        "unit_price_b": "$0.0837 PER OZ",
        "unit_price_diff": "$0.0093",
        "matching_score": 92.53731343283582
    },
    {
        "product_name_a": "SPLENDA SWEETENER NO CALORIE PACKETS 100 CT",
        "product_name_b": "SPLENDA NO CALORIE SWEETENER PACKETS  100CT",
        "price_a": "$5.55",
        "price_b": "$4.47",
        "price_diff": "$1.08",
        "unit_price_a": "$0.0555 PER CT",
        "unit_price_b": "$0.0447 PER CT",
        "unit_price_diff": "$0.0108",
        "matching_score": 94.11764705882352
    },
    {
        "product_name_a": "GOYA VEGETALES MIXTOS BAJO EN SODIO 85 OZ",
        "product_name_b": "GOYA VEGETALES MIXTOS B EN SODIO 85 OZ CAN",
        "price_a": "$1.09",
        "price_b": "$0.88",
        "price_diff": "$0.21",
        "unit_price_a": "$0.0128 PER OZ",
        "unit_price_b": "$0.0104 PER OZ",
        "unit_price_diff": "$0.0025",
        "matching_score": 93.97590361445783
    },
    {
        "product_name_a": "CORTES CHOCOLATE SWEET BAR 7 OZ",
        "product_name_b": "CORTES SWEET CHOCOLATE 7 OZ",
        "price_a": "$4.19",
        "price_b": "$4.08",
        "price_diff": "$0.11",
        "unit_price_a": "$0.5986 PER OZ",
        "unit_price_b": "$0.5829 PER OZ",
        "unit_price_diff": "$0.0157",
        "matching_score": 93.10344827586206
    },
    {
        "product_name_a": "NATURES OWN 100 WHOLE WHEAT BREAD 20 OZ",
        "product_name_b": "NATURES OWN 100 WHOLE WHEAT BREAD LOAF 20 OZ",
        "price_a": "$3.49",
        "price_b": "$3.88",
        "price_diff": "$0.39",
        "unit_price_a": "$0.1745 PER OZ",
        "unit_price_b": "$0.1940 PER OZ",
        "unit_price_diff": "$0.0195",
        "matching_score": 93.97590361445783
    },
    {
        "product_name_a": "DEL MONTE SLICED CARROTS 825 OZ",
        "product_name_b": "DEL MONTE SLICED CARROTS 825 OZ CAN",
        "price_a": "$1.19",
        "price_b": "$0.98",
        "price_diff": "$0.21",
        "unit_price_a": "$0.0014 PER OZ",
        "unit_price_b": "$0.0012 PER OZ",
        "unit_price_diff": "$0.0003",
        "matching_score": 93.93939393939394
    },
    {
        "product_name_a": "BORDEN 4 CHEESE MEXICAN SHREDDED 8 OZ",
        "product_name_b": "BORDEN MEXICAN SHREDDED CHEESE 8 OZ BAG",
        "price_a": "$3.55",
        "price_b": "$2.44",
        "price_diff": "$1.11",
        "unit_price_a": "$0.4437 PER OZ",
        "unit_price_b": "$0.3050 PER OZ",
        "unit_price_diff": "$0.1387",
        "matching_score": 92.10526315789474
    },
    {
        "product_name_a": "SPLENDA SWEETENER NO CALORIE PACKETS 50 CT",
        "product_name_b": "SPLENDA NO CALORIE SWEETENER PACKETS  100CT",
        "price_a": "$3.15",
        "price_b": "$4.47",
        "price_diff": "$1.32",
        "unit_price_a": "$0.0630 PER CT",
        "unit_price_b": "$0.0447 PER CT",
        "unit_price_diff": "$0.0183",
        "matching_score": 90.47619047619048
    },
    {
        "product_name_a": "DULCE CANA TURBINADA SUGAR POUCH 2 LB",
        "product_name_b": "DULCE CANA TURBINADO SUGAR POUCH 2",
        "price_a": "$3.59",
        "price_b": "$3.32",
        "price_diff": "$0.27",
        "unit_price_a": "$1.7950 PER LB",
        "unit_price_b": "$3.3200 PER ITEM",
        "unit_price_diff": "$1.5250",
        "matching_score": 92.95774647887323
    },
    {
        "product_name_a": "GREEN GIANT MEXICORN CORN 7 OZ",
        "product_name_b": "GREEN GIANT MEXICORN 7 OZ",
        "price_a": "$1.49",
        "price_b": "$1.48",
        "price_diff": "$0.01",
        "unit_price_a": "$0.2129 PER OZ",
        "unit_price_b": "$0.2114 PER OZ",
        "unit_price_diff": "$0.0014",
        "matching_score": 90.9090909090909
    },
    {
        "product_name_a": "HERSHEYS MILK CHOCOLATE BAR 155 OZ",
        "product_name_b": "HERSHEYS MILK CHOCOLATE CANDY BAR 155 OZ",
        "price_a": "$1.09",
        "price_b": "$0.93",
        "price_diff": "$0.16",
        "unit_price_a": "$0.0070 PER OZ",
        "unit_price_b": "$0.0060 PER OZ",
        "unit_price_diff": "$0.0010",
        "matching_score": 91.89189189189189
    },
    {
        "product_name_a": "HUNTS TOMATO PASTE 6 OZ",
        "product_name_b": "HUNTS TOMATO PASTE 6 OZ CAN",
        "price_a": "$1.89",
        "price_b": "$1.27",
        "price_diff": "$0.62",
        "unit_price_a": "$0.3150 PER OZ",
        "unit_price_b": "$0.2117 PER OZ",
        "unit_price_diff": "$0.1033",
        "matching_score": 92.0
    },
    {
        "product_name_a": "GOYA REMOLACHAS BAJO EN SODIO 825 OZ",
        "product_name_b": "GOYA REMOLACHAS BAJAS EN SODIO 825 OZ CAN",
        "price_a": "$1.09",
        "price_b": "$0.84",
        "price_diff": "$0.25",
        "unit_price_a": "$0.0013 PER OZ",
        "unit_price_b": "$0.0010 PER OZ",
        "unit_price_diff": "$0.0003",
        "matching_score": 90.9090909090909
    },
    {
        "product_name_a": "YAUCONO CAFE INSTANTANEO REGULAR 8 OZ",
        "product_name_b": "YAUCONO CAFE INSTANT√ÅNEO REGULAR 36 OZ",
        "price_a": "$8.39",
        "price_b": "$4.22",
        "price_diff": "$4.17",
        "unit_price_a": "$1.0488 PER OZ",
        "unit_price_b": "$0.1172 PER OZ",
        "unit_price_diff": "$0.9315",
        "matching_score": 93.33333333333333
    },
    {
        "product_name_a": "BUMBLE BEE CHUNK WHITE ALBACORE IN WATER 5 OZ",
        "product_name_b": "BUMBLE BEE CHUNK WHITE ALBACORE TUNA IN WATER 5 OZ CAN",
        "price_a": "$2.19",
        "price_b": "$2.27",
        "price_diff": "$0.08",
        "unit_price_a": "$0.4380 PER OZ",
        "unit_price_b": "$0.4540 PER OZ",
        "unit_price_diff": "$0.0160",
        "matching_score": 90.9090909090909
    },
    {
        "product_name_a": "IDAHOAN FOUR CHEESE MASHED POTATOES 4 OZ",
        "product_name_b": "IDAHOAN FOUR CHEESE MASHED POTATOES 4 OZ POUCH",
        "price_a": "$2.55",
        "price_b": "$1.74",
        "price_diff": "$0.81",
        "unit_price_a": "$0.6375 PER OZ",
        "unit_price_b": "$0.4350 PER OZ",
        "unit_price_diff": "$0.2025",
        "matching_score": 93.02325581395348
    },
    {
        "product_name_a": "IDAHOAN MASHED POTATOES FOUR CHEESE 15 OZ",
        "product_name_b": "IDAHOAN FOUR CHEESE MASHED POTATOES 15 OZ CUP",
        "price_a": "$2.29",
        "price_b": "$1.24",
        "price_diff": "$1.05",
        "unit_price_a": "$0.1527 PER OZ",
        "unit_price_b": "$0.0827 PER OZ",
        "unit_price_diff": "$0.0700",
        "matching_score": 95.34883720930233
    },
    {
        "product_name_a": "GOYA VEGETALES MIXTOS 15 OZ",
        "product_name_b": "GOYA VEGETALES MIXTOS 15 OZ CAN",
        "price_a": "$1.79",
        "price_b": "$1.48",
        "price_diff": "$0.31",
        "unit_price_a": "$0.1193 PER OZ",
        "unit_price_b": "$0.0987 PER OZ",
        "unit_price_diff": "$0.0207",
        "matching_score": 93.10344827586206
    },
    {
        "product_name_a": "AMERICAN VALU HONEY HAM 12 OZ",
        "product_name_b": "AMERICAN VALU HONEY HAM 8 OZ",
        "price_a": "$5.55",
        "price_b": "$3.22",
        "price_diff": "$2.33",
        "unit_price_a": "$0.4625 PER OZ",
        "unit_price_b": "$0.4025 PER OZ",
        "unit_price_diff": "$0.0600",
        "matching_score": 94.73684210526316
    },
    {
        "product_name_a": "HELLMANNS LIGHT MAYONNAISE 15 OZ",
        "product_name_b": "HELLMANNS LIGHT MAYONNAISE 15 FL OZ",
        "price_a": "$4.09",
        "price_b": "$3.57",
        "price_diff": "$0.52",
        "unit_price_a": "$0.2727 PER OZ",
        "unit_price_b": "$0.2380 PER FL OZ",
        "unit_price_diff": "$0.0347",
        "matching_score": 95.52238805970148
    },
    {
        "product_name_a": "DAK SALCHICHON SALAMI SAUSAGE 7 OZ",
        "product_name_b": "DAK SMOKED SALAMI SAUSAGE SALCHICHON 7 OZ",
        "price_a": "$3.89",
        "price_b": "$3.78",
        "price_diff": "$0.11",
        "unit_price_a": "$0.5557 PER OZ",
        "unit_price_b": "$0.5400 PER OZ",
        "unit_price_diff": "$0.0157",
        "matching_score": 90.66666666666666
    },
    {
        "product_name_a": "IDAHOAN MASHED POTATOES BUTTER  HERB 4 OZ",
        "product_name_b": "IDAHOAN BUTTER  HERB MASHED POTATOES 4 OZ POUCH",
        "price_a": "$2.55",
        "price_b": "$1.74",
        "price_diff": "$0.81",
        "unit_price_a": "$0.6375 PER OZ",
        "unit_price_b": "$0.4350 PER OZ",
        "unit_price_diff": "$0.2025",
        "matching_score": 93.02325581395348
    },
    {
        "product_name_a": "ROVIRA EXPORT SODA BUTTER CRACKER 88 OZ",
        "product_name_b": "ROVIRA EXPORT SODAS BUTTER SODA CRACKERS 88 OZ",
        "price_a": "$6.00",
        "price_b": "$2.87",
        "price_diff": "$3.13",
        "unit_price_a": "$0.0682 PER OZ",
        "unit_price_b": "$0.0326 PER OZ",
        "unit_price_diff": "$0.0356",
        "matching_score": 91.76470588235294
    },
    {
        "product_name_a": "BROOKFIELD PANCAKES BUTTER 165 OZ",
        "product_name_b": "BROOKFIELD BUTTERMILK PANCAKE 165 OZ",
        "price_a": "$3.69",
        "price_b": "$3.18",
        "price_diff": "$0.51",
        "unit_price_a": "$0.0224 PER OZ",
        "unit_price_b": "$0.0193 PER OZ",
        "unit_price_diff": "$0.0031",
        "matching_score": 92.7536231884058
    },
    {
        "product_name_a": "IDAHOAN ROASTED GARLIC MASHED POTATOES 4 OZ",
        "product_name_b": "IDAHOAN ROASTED GARLIC MASHED POTATOES 4 OZ POUCH",
        "price_a": "$2.55",
        "price_b": "$1.74",
        "price_diff": "$0.81",
        "unit_price_a": "$0.6375 PER OZ",
        "unit_price_b": "$0.4350 PER OZ",
        "unit_price_diff": "$0.2025",
        "matching_score": 93.47826086956522
    },
    {
        "product_name_a": "CAMPOVERDE JUMBO STRAWBERRIES 3 LB",
        "product_name_b": "CAMPOVERDE JUMBO STRAWBERRIES 3LBS",
        "price_a": "$9.49",
        "price_b": "$10.98",
        "price_diff": "$1.49",
        "unit_price_a": "$3.1633 PER LB",
        "unit_price_b": "$3.6600 PER LB",
        "unit_price_diff": "$0.4967",
        "matching_score": 91.17647058823529
    },
    {
        "product_name_a": "GOYA SAL YODADA BAJA EN SODIO 23 OZ",
        "product_name_b": "GOYA SAL YODADA BAJA EN SODIO 23 OZ",
        "price_a": "$2.45",
        "price_b": "$2.18",
        "price_diff": "$0.27",
        "unit_price_a": "$0.1065 PER OZ",
        "unit_price_b": "$0.0948 PER OZ",
        "unit_price_diff": "$0.0117",
        "matching_score": 100.0
    },
    {
        "product_name_a": "GOYA ACEITUNAS MANZANILLAS RELLENAS 675 OZ",
        "product_name_b": "PR GOYA ACEITUNAS MANZANILLAS RELLENAS 4",
        "price_a": "$2.99",
        "price_b": "$1.75",
        "price_diff": "$1.24",
        "unit_price_a": "$0.0044 PER OZ",
        "unit_price_b": "$1.7500 PER ITEM",
        "unit_price_diff": "$1.7456",
        "matching_score": 90.2439024390244
    },
    {
        "product_name_a": "SPLENDA SWEETENER NO CALORIE PACKETS 200 CT",
        "product_name_b": "SPLENDA NO CALORIE SWEETENER PACKETS  100CT",
        "price_a": "$7.29",
        "price_b": "$4.47",
        "price_diff": "$2.82",
        "unit_price_a": "$0.0365 PER CT",
        "unit_price_b": "$0.0447 PER CT",
        "unit_price_diff": "$0.0082",
        "matching_score": 91.76470588235294
    },
    {
        "product_name_a": "TOSTITOS CREAMY SPINACH DIP 15 OZ",
        "product_name_b": "TOSTITOS CREAMY SPINACH DIP 15 OZ JAR",
        "price_a": "$3.99",
        "price_b": "$4.62",
        "price_diff": "$0.63",
        "unit_price_a": "$0.2660 PER OZ",
        "unit_price_b": "$0.3080 PER OZ",
        "unit_price_diff": "$0.0420",
        "matching_score": 94.28571428571428
    },
    {
        "product_name_a": "KRAFT PARMESAN GRATED CHEESE 3 OZ",
        "product_name_b": "KRAFT PARMESAN GRATED CHEESE 3 OZ SHAKER",
        "price_a": "$2.99",
        "price_b": "$2.38",
        "price_diff": "$0.61",
        "unit_price_a": "$0.9967 PER OZ",
        "unit_price_b": "$0.7933 PER OZ",
        "unit_price_diff": "$0.2033",
        "matching_score": 90.41095890410959
    },
    {
        "product_name_a": "PHILADELPHIA CREAM CHEE SPRE GARLIC HERB 75 OZ",
        "product_name_b": "PHILADELPHIA GARLIC  HERB CREAM CHEESE SPREAD 75 OZ TUB",
        "price_a": "$4.00",
        "price_b": "$2.32",
        "price_diff": "$1.68",
        "unit_price_a": "$0.0533 PER OZ",
        "unit_price_b": "$0.0309 PER OZ",
        "unit_price_diff": "$0.0224",
        "matching_score": 92.0
    },
    {
        "product_name_a": "NESQUIK CHOCOLATE POWDER 201 OZ",
        "product_name_b": "NESQUIK CHOCOLATE POWDER 201OZ",
        "price_a": "$6.35",
        "price_b": "$5.46",
        "price_diff": "$0.89",
        "unit_price_a": "$0.0316 PER OZ",
        "unit_price_b": "$0.0272 PER OZ",
        "unit_price_diff": "$0.0044",
        "matching_score": 91.80327868852459
    },
    {
        "product_name_a": "BORDEN RICOTTA CHEESE WHOLE MILK 15 OZ",
        "product_name_b": "BORDEN WHOLE MILK RICOTTA CHEESE 15OZ",
        "price_a": "$5.15",
        "price_b": "$4.12",
        "price_diff": "$1.03",
        "unit_price_a": "$0.3433 PER OZ",
        "unit_price_b": "$0.2747 PER OZ",
        "unit_price_diff": "$0.0687",
        "matching_score": 93.33333333333333
    },
    {
        "product_name_a": "MAGA CREMA DE AVENA 16 OZ",
        "product_name_b": "MAGA CREMA AVENA 16 OZ",
        "price_a": "$3.49",
        "price_b": "$3.56",
        "price_diff": "$0.07",
        "unit_price_a": "$0.2181 PER OZ",
        "unit_price_b": "$0.2225 PER OZ",
        "unit_price_diff": "$0.0044",
        "matching_score": 93.61702127659575
    },
    {
        "product_name_a": "BUDDIG TURKEY OVEN ROASTED 2 OZ",
        "product_name_b": "BUDDIG OVEN ROASTED TURKEY 2 OZ 56G",
        "price_a": "$1.25",
        "price_b": "$0.98",
        "price_diff": "$0.27",
        "unit_price_a": "$0.6250 PER OZ",
        "unit_price_b": "$0.4900 PER OZ",
        "unit_price_diff": "$0.1350",
        "matching_score": 93.93939393939394
    },
    {
        "product_name_a": "YAUCONO CAFE INSTANTANEO REGULAR 36 OZ",
        "product_name_b": "YAUCONO CAFE INSTANT√ÅNEO REGULAR 36 OZ",
        "price_a": "$4.29",
        "price_b": "$4.22",
        "price_diff": "$0.07",
        "unit_price_a": "$0.1192 PER OZ",
        "unit_price_b": "$0.1172 PER OZ",
        "unit_price_diff": "$0.0019",
        "matching_score": 97.36842105263158
    },
    {
        "product_name_a": "IDAHOAN MASHED POT BUTTERY HOMESTYLE 15 OZ",
        "product_name_b": "IDAHOAN BUTTERY HOMESTYLE MASHED POTATOES 15 OZ CUP",
        "price_a": "$2.29",
        "price_b": "$1.67",
        "price_diff": "$0.62",
        "unit_price_a": "$0.1527 PER OZ",
        "unit_price_b": "$0.1113 PER OZ",
        "unit_price_diff": "$0.0413",
        "matching_score": 90.32258064516128
    },
    {
        "product_name_a": "BUTTERBALL TURKEY SAUSAGE 13 OZ",
        "product_name_b": "BUTTERBALL TURKEY SAUSAGE 13 OZ",
        "price_a": "$5.59",
        "price_b": "$5.48",
        "price_diff": "$0.11",
        "unit_price_a": "$0.4300 PER OZ",
        "unit_price_b": "$0.4215 PER OZ",
        "unit_price_diff": "$0.0085",
        "matching_score": 100.0
    },
    {
        "product_name_a": "HORMEL CHILI WITH BEANS 15 OZ",
        "product_name_b": "HORMEL CHILI WITH BEANS 15 OZ CAN",
        "price_a": "$3.39",
        "price_b": "$3.00",
        "price_diff": "$0.39",
        "unit_price_a": "$0.2260 PER OZ",
        "unit_price_b": "$0.2000 PER OZ",
        "unit_price_diff": "$0.0260",
        "matching_score": 93.5483870967742
    },
    {
        "product_name_a": "BEN  JERRYS ICE CREAM VANILLA 16 OZ",
        "product_name_b": "BEN  JERRYS ICE CREAM VANILLA 16 OZ",
        "price_a": "$9.49",
        "price_b": "$3.98",
        "price_diff": "$5.51",
        "unit_price_a": "$0.5931 PER OZ",
        "unit_price_b": "$0.2487 PER OZ",
        "unit_price_diff": "$0.3444",
        "matching_score": 100.0
    },
    {
        "product_name_a": "FRENCHS POTATO STICKS ORIGINAL 225 OZ",
        "product_name_b": "FRENCHS ORIGINAL POTATO STICKS 16 OZ",
        "price_a": "$1.65",
        "price_b": "$6.94",
        "price_diff": "$5.29",
        "unit_price_a": "$0.0073 PER OZ",
        "unit_price_b": "$0.4338 PER OZ",
        "unit_price_diff": "$0.4264",
        "matching_score": 93.15068493150685
    },
    {
        "product_name_a": "IDAHOAN ROASTED GARLIC MASHED POTATOES 15 OZ",
        "product_name_b": "IDAHOAN ROASTED GARLIC MASHED POTATOES 15 OZ CUP",
        "price_a": "$2.29",
        "price_b": "$1.67",
        "price_diff": "$0.62",
        "unit_price_a": "$0.1527 PER OZ",
        "unit_price_b": "$0.1113 PER OZ",
        "unit_price_diff": "$0.0413",
        "matching_score": 95.65217391304348
    },
    {
        "product_name_a": "GOYA ACEITUNAS NEGRAS PICADAS 575 OZ",
        "product_name_b": "GOYA ACEITUNAS NEGRAS PICADAS 575 OZ",
        "price_a": "$3.09",
        "price_b": "$2.47",
        "price_diff": "$0.62",
        "unit_price_a": "$0.0054 PER OZ",
        "unit_price_b": "$0.0043 PER OZ",
        "unit_price_diff": "$0.0011",
        "matching_score": 100.0
    },
    {
        "product_name_a": "KRAFT MILD CHEDDAR SHREDDED CHEESE 8 OZ",
        "product_name_b": "KRAFT MILD CHEDDAR SHREDDED CHEESE 8 OZ BAG",
        "price_a": "$5.00",
        "price_b": "$3.18",
        "price_diff": "$1.82",
        "unit_price_a": "$0.6250 PER OZ",
        "unit_price_b": "$0.3975 PER OZ",
        "unit_price_diff": "$0.2275",
        "matching_score": 95.1219512195122
    },
    {
        "product_name_a": "PLANTERS COCKTAIL PEANUTS LIGHTLY SALTED 12 OZ",
        "product_name_b": "PLANTERS SALTED COCKTAIL PEANUTS 12 OZ",
        "price_a": "$3.99",
        "price_b": "$3.68",
        "price_diff": "$0.31",
        "unit_price_a": "$0.3325 PER OZ",
        "unit_price_b": "$0.3067 PER OZ",
        "unit_price_diff": "$0.0258",
        "matching_score": 90.47619047619048
    },
    {
        "product_name_a": "BUDDIG TURKEY HONEY ROASTED 2 OZ",
        "product_name_b": "BUDDIG HONEY ROASTED TURKEY 2 OZ 56G",
        "price_a": "$1.25",
        "price_b": "$0.98",
        "price_diff": "$0.27",
        "unit_price_a": "$0.6250 PER OZ",
        "unit_price_b": "$0.4900 PER OZ",
        "unit_price_diff": "$0.1350",
        "matching_score": 94.11764705882352
    },
    {
        "product_name_a": "BOHIO ADOBO SIN PIMIENTA 105 OZ",
        "product_name_b": "BOHIO ADOBO SAZON SIN PIMIENTA 105 OZ",
        "price_a": "$1.37",
        "price_b": "$1.58",
        "price_diff": "$0.21",
        "unit_price_a": "$0.0130 PER OZ",
        "unit_price_b": "$0.0150 PER OZ",
        "unit_price_diff": "$0.0020",
        "matching_score": 91.17647058823529
    },
    {
        "product_name_a": "MITY FRESH SHOESTRING FRIES 14 OZ",
        "product_name_b": "MITY FRESH SHOESTRING FRIES 14 OZ",
        "price_a": "$1.50",
        "price_b": "$1.68",
        "price_diff": "$0.18",
        "unit_price_a": "$0.1071 PER OZ",
        "unit_price_b": "$0.1200 PER OZ",
        "unit_price_diff": "$0.0129",
        "matching_score": 100.0
    },
    {
        "product_name_a": "DON GOYO AZUCAR NEGRA 2 LB",
        "product_name_b": "DON GOYO AZUCAR NEGRA 2 LBS",
        "price_a": "$3.45",
        "price_b": "$2.56",
        "price_diff": "$0.89",
        "unit_price_a": "$1.7250 PER LB",
        "unit_price_b": "$1.2800 PER LB",
        "unit_price_diff": "$0.4450",
        "matching_score": 98.11320754716981
    },
    {
        "product_name_a": "GOYA JUGO DE PINA 42 OZ",
        "product_name_b": "GOYA JUGO DE PIA  42 OZ",
        "price_a": "$2.99",
        "price_b": "$2.88",
        "price_diff": "$0.11",
        "unit_price_a": "$0.0712 PER OZ",
        "unit_price_b": "$0.0686 PER OZ",
        "unit_price_diff": "$0.0026",
        "matching_score": 97.77777777777777
    },
    {
        "product_name_a": "GOYA ACEITUNAS MANZANILLAS RELLENAS 475 OZ",
        "product_name_b": "PR GOYA ACEITUNAS MANZANILLAS RELLENAS 4",
        "price_a": "$2.19",
        "price_b": "$1.75",
        "price_diff": "$0.44",
        "unit_price_a": "$0.0046 PER OZ",
        "unit_price_b": "$1.7500 PER ITEM",
        "unit_price_diff": "$1.7454",
        "matching_score": 92.6829268292683
    },
    {
        "product_name_a": "IDAHOAN ORIGINAL MASHED POTATOES 1375 OZ",
        "product_name_b": "IDAHOAN ORIGINAL MASHED POTATOES 1375 OZ BOX",
        "price_a": "$4.35",
        "price_b": "$10.80",
        "price_diff": "$6.45",
        "unit_price_a": "$0.0032 PER OZ",
        "unit_price_b": "$0.0079 PER OZ",
        "unit_price_diff": "$0.0047",
        "matching_score": 95.23809523809523
    },
    {
        "product_name_a": "FRENCHS POTATO STICKS ORIGINAL 16 OZ",
        "product_name_b": "FRENCHS ORIGINAL POTATO STICKS 16 OZ",
        "price_a": "$7.35",
        "price_b": "$6.94",
        "price_diff": "$0.41",
        "unit_price_a": "$0.4594 PER OZ",
        "unit_price_b": "$0.4338 PER OZ",
        "unit_price_diff": "$0.0256",
        "matching_score": 100.0
    },
    {
        "product_name_a": "KIKKOMAN SOY SAUCE 10 OZ",
        "product_name_b": "KIKKOMAN SOY SAUCE 100 FL OZ",
        "price_a": "$2.89",
        "price_b": "$2.92",
        "price_diff": "$0.03",
        "unit_price_a": "$0.2890 PER OZ",
        "unit_price_b": "$0.0292 PER FL OZ",
        "unit_price_diff": "$0.2598",
        "matching_score": 92.3076923076923
    },
    {
        "product_name_a": "GOYA HABICHUELAS BLANCAS AS 29 OZ",
        "product_name_b": "GOYA HABICHUELAS BLANCAS AS 105 OZ",
        "price_a": "$2.05",
        "price_b": "$0.76",
        "price_diff": "$1.29",
        "unit_price_a": "$0.0707 PER OZ",
        "unit_price_b": "$0.0072 PER OZ",
        "unit_price_diff": "$0.0635",
        "matching_score": 92.53731343283582
    },
    {
        "product_name_a": "MITY FRESH BROCCOLI CUTS 16 OZ",
        "product_name_b": "MITY FRESH BROCCOLI CUTS 16 OZ",
        "price_a": "$2.45",
        "price_b": "$2.38",
        "price_diff": "$0.07",
        "unit_price_a": "$0.1531 PER OZ",
        "unit_price_b": "$0.1487 PER OZ",
        "unit_price_diff": "$0.0044",
        "matching_score": 100.0
    },
    {
        "product_name_a": "CARIBIK SUN TAMARINDO FROZEN 12 OZ",
        "product_name_b": "CARIBIK SUN TAMARINDO CONC 12 OZ",
        "price_a": "$3.49",
        "price_b": "$3.57",
        "price_diff": "$0.08",
        "unit_price_a": "$0.2908 PER OZ",
        "unit_price_b": "$0.2975 PER OZ",
        "unit_price_diff": "$0.0067",
        "matching_score": 90.9090909090909
    },
    {
        "product_name_a": "CARIBIK SUN ACEROLA 12 OZ",
        "product_name_b": "CARIBIK SUN ACEROLA CONC 12 OZ",
        "price_a": "$3.49",
        "price_b": "$2.98",
        "price_diff": "$0.51",
        "unit_price_a": "$0.2908 PER OZ",
        "unit_price_b": "$0.2483 PER OZ",
        "unit_price_diff": "$0.0425",
        "matching_score": 90.9090909090909
    },
    {
        "product_name_a": "GOYA HABICHUELAS PINTAS AS 29 OZ",
        "product_name_b": "GOYA HABICHUELAS PINTAS AS 105 OZ",
        "price_a": "$2.05",
        "price_b": "$0.76",
        "price_diff": "$1.29",
        "unit_price_a": "$0.0707 PER OZ",
        "unit_price_b": "$0.0072 PER OZ",
        "unit_price_diff": "$0.0635",
        "matching_score": 92.3076923076923
    },
    {
        "product_name_a": "GOYA EXTRA VIRGIN OLIVE OIL 3 OZ",
        "product_name_b": "GOYA EXTRA VIRGIN OLIVE OIL 3FO",
        "price_a": "$2.49",
        "price_b": "$2.28",
        "price_diff": "$0.21",
        "unit_price_a": "$0.8300 PER OZ",
        "unit_price_b": "$0.7600 PER FO",
        "unit_price_diff": "$0.0700",
        "matching_score": 92.06349206349206
    },
    {
        "product_name_a": "HUNTS DICED TOMATOES 145 OZ",
        "product_name_b": "HUNTS DICED TOMATOES 145 OZ CAN",
        "price_a": "$2.15",
        "price_b": "$2.17",
        "price_diff": "$0.02",
        "unit_price_a": "$0.0148 PER OZ",
        "unit_price_b": "$0.0150 PER OZ",
        "unit_price_diff": "$0.0001",
        "matching_score": 93.10344827586206
    },
    {
        "product_name_a": "GOYA PINEAPPLE JUICE 338 OZ",
        "product_name_b": "GOYA PINEAPPLE JUICE 338 FL OZ",
        "price_a": "$2.59",
        "price_b": "$2.56",
        "price_diff": "$0.03",
        "unit_price_a": "$0.0077 PER OZ",
        "unit_price_b": "$0.0076 PER FL OZ",
        "unit_price_diff": "$0.0001",
        "matching_score": 94.73684210526316
    },
    {
        "product_name_a": "HERSHEYS COOKIES N CREME BAR 155 OZ",
        "product_name_b": "HERSHEYS COOKIES N CREME CANDY BAR 155 OZ",
        "price_a": "$1.09",
        "price_b": "$0.93",
        "price_diff": "$0.16",
        "unit_price_a": "$0.0070 PER OZ",
        "unit_price_b": "$0.0060 PER OZ",
        "unit_price_diff": "$0.0010",
        "matching_score": 92.10526315789474
    },
    {
        "product_name_a": "GOYA EXTRA VIRGIN OLIVE OIL 85 OZ",
        "product_name_b": "GOYA EXTRA VIRGIN OLIVE OIL 85 FL OZ",
        "price_a": "$6.29",
        "price_b": "$5.83",
        "price_diff": "$0.46",
        "unit_price_a": "$0.0740 PER OZ",
        "unit_price_b": "$0.0686 PER FL OZ",
        "unit_price_diff": "$0.0054",
        "matching_score": 95.65217391304348
    },
    {
        "product_name_a": "YAUCONO CAFE INSTANTANEO REGULAR 18 OZ",
        "product_name_b": "YAUCONO CAFE INSTANT√ÅNEO REGULAR 36 OZ",
        "price_a": "$2.39",
        "price_b": "$4.22",
        "price_diff": "$1.83",
        "unit_price_a": "$0.1328 PER OZ",
        "unit_price_b": "$0.1172 PER OZ",
        "unit_price_diff": "$0.0156",
        "matching_score": 92.10526315789474
    },
    {
        "product_name_a": "GOYA ALCAPARRADO CON PMIENTOS 10 OZ",
        "product_name_b": "GOYA ALCAPARRADO CON PIMIENTOS 5 OZ",
        "price_a": "$2.99",
        "price_b": "$2.00",
        "price_diff": "$0.99",
        "unit_price_a": "$0.2990 PER OZ",
        "unit_price_b": "$0.4000 PER OZ",
        "unit_price_diff": "$0.1010",
        "matching_score": 94.28571428571428
    },
    {
        "product_name_a": "CAMPOVERDE BANANA MANIA 3 LB",
        "product_name_b": "CAMPOVERDE BANANA MANIA 3LB",
        "price_a": "$12.99",
        "price_b": "$11.97",
        "price_diff": "$1.02",
        "unit_price_a": "$4.3300 PER LB",
        "unit_price_b": "$3.9900 PER LB",
        "unit_price_diff": "$0.3400",
        "matching_score": 90.9090909090909
    },
    {
        "product_name_a": "GOYA TAMARIND NECTAR 338 OZ",
        "product_name_b": "GOYA TAMARIND NECTAR 338 OZ",
        "price_a": "$1.99",
        "price_b": "$2.08",
        "price_diff": "$0.09",
        "unit_price_a": "$0.0059 PER OZ",
        "unit_price_b": "$0.0062 PER OZ",
        "unit_price_diff": "$0.0003",
        "matching_score": 100.0
    },
    {
        "product_name_a": "BOHIO ADOBO CON SAZON SIN PIMIENTA 165 OZ",
        "product_name_b": "BOHIO ADOBO SAZON SIN PIMIENTA 105 OZ",
        "price_a": "$2.09",
        "price_b": "$1.58",
        "price_diff": "$0.51",
        "unit_price_a": "$0.0127 PER OZ",
        "unit_price_b": "$0.0150 PER OZ",
        "unit_price_diff": "$0.0024",
        "matching_score": 92.3076923076923
    },
    {
        "product_name_a": "BORDEN PARMESAN CHEESE GRATED 3 OZ",
        "product_name_b": "BORDEN PARMESAN GRATED CHEESE 3OZ",
        "price_a": "$2.69",
        "price_b": "$2.37",
        "price_diff": "$0.32",
        "unit_price_a": "$0.8967 PER OZ",
        "unit_price_b": "$0.7900 PER OZ",
        "unit_price_diff": "$0.1067",
        "matching_score": 92.53731343283582
    },
    {
        "product_name_a": "GOYA GARLIC EXTRA VIRGIN OLIVE OIL 85 OZ",
        "product_name_b": "GOYA EXTRA VIRGIN OLIVE OIL 85 FL OZ",
        "price_a": "$6.99",
        "price_b": "$5.83",
        "price_diff": "$1.16",
        "unit_price_a": "$0.0822 PER OZ",
        "unit_price_b": "$0.0686 PER FL OZ",
        "unit_price_diff": "$0.0136",
        "matching_score": 92.10526315789474
    },
    {
        "product_name_a": "KIKUET EMPANADILLA POLLO Y QUESO 5 CT",
        "product_name_b": "HPR KIKUET EMPANADILLA 5CT POLLO Y QUESO",
        "price_a": "$5.75",
        "price_b": "$2.98",
        "price_diff": "$2.77",
        "unit_price_a": "$1.1500 PER CT",
        "unit_price_b": "$0.5960 PER CT",
        "unit_price_diff": "$0.5540",
        "matching_score": 93.5064935064935
    },
    {
        "product_name_a": "GOYA LIGHT OLIVE OIL 85 OZ",
        "product_name_b": "GOYA LIGHT PURE OLIVE OIL 85 OZ",
        "price_a": "$6.19",
        "price_b": "$5.58",
        "price_diff": "$0.61",
        "unit_price_a": "$0.0728 PER OZ",
        "unit_price_b": "$0.0656 PER OZ",
        "unit_price_diff": "$0.0072",
        "matching_score": 91.22807017543859
    },
    {
        "product_name_a": "BRADS ORG MULTIGRAIN CHIPS 9 OZ",
        "product_name_b": "BRADS MULTIGRAIN CHIPS ORGANIC 9 OZ",
        "price_a": "$4.45",
        "price_b": "$7.71",
        "price_diff": "$3.26",
        "unit_price_a": "$0.4944 PER OZ",
        "unit_price_b": "$0.8567 PER OZ",
        "unit_price_diff": "$0.3622",
        "matching_score": 93.93939393939394
    },
    {
        "product_name_a": "HERSHEYS SHELL CHOCOLATE TOPPING 725 OZ",
        "product_name_b": "HERSHEYS CHOCOLATE SHELL TOPPING BOTTLE 725 OZ",
        "price_a": "$2.99",
        "price_b": "$2.44",
        "price_diff": "$0.55",
        "unit_price_a": "$0.0041 PER OZ",
        "unit_price_b": "$0.0034 PER OZ",
        "unit_price_diff": "$0.0008",
        "matching_score": 91.76470588235294
    },
    {
        "product_name_a": "GOYA COCO PINA COLADA MIX 12 OZ",
        "product_name_b": "GOYA COCO PINA COLADA MIX 12 OZ",
        "price_a": "$1.89",
        "price_b": "$1.74",
        "price_diff": "$0.15",
        "unit_price_a": "$0.1575 PER OZ",
        "unit_price_b": "$0.1450 PER OZ",
        "unit_price_diff": "$0.0125",
        "matching_score": 100.0
    },
    {
        "product_name_a": "GOYA CONDIMENTO 5 OZ",
        "product_name_b": "PR GOYA CONDIMENTO 5 OZ",
        "price_a": "$2.35",
        "price_b": "$1.85",
        "price_diff": "$0.50",
        "unit_price_a": "$0.4700 PER OZ",
        "unit_price_b": "$0.3700 PER OZ",
        "unit_price_diff": "$0.1000",
        "matching_score": 93.02325581395348
    },
    {
        "product_name_a": "FAMOSITOS TROPICAL PUNCH 10PK 675 OZ",
        "product_name_b": "FAMOSITO TROPICAL PUNCH 10PK  675OZ",
        "price_a": "$4.00",
        "price_b": "$2.87",
        "price_diff": "$1.13",
        "unit_price_a": "$0.4000 PER PK",
        "unit_price_b": "$0.2870 PER PK",
        "unit_price_diff": "$0.1130",
        "matching_score": 91.42857142857143
    },
    {
        "product_name_a": "FAMOSITOS FRUIT PUNCH 10PK 675 OZ",
        "product_name_b": "FAMOSITO FRUIT PUNCH 10PK 675OZ",
        "price_a": "$4.00",
        "price_b": "$2.87",
        "price_diff": "$1.13",
        "unit_price_a": "$0.4000 PER PK",
        "unit_price_b": "$0.2870 PER PK",
        "unit_price_diff": "$0.1130",
        "matching_score": 90.625
    },
    {
        "product_name_a": "DEL MONTE PINEAPPLE SLICES IN JUICE 1525 OZ",
        "product_name_b": "DEL MONTE PINEAPPLE SLICES IN 100 JUICE 1525 OZ",
        "price_a": "$2.15",
        "price_b": "$2.38",
        "price_diff": "$0.23",
        "unit_price_a": "$0.0014 PER OZ",
        "unit_price_b": "$0.0016 PER OZ",
        "unit_price_diff": "$0.0002",
        "matching_score": 95.55555555555556
    },
    {
        "product_name_a": "FUZE ICED TEA LEMON 20 OZ",
        "product_name_b": "FUZE LEMON ICED TEA 20 FL OZ",
        "price_a": "$1.89",
        "price_b": "$1.37",
        "price_diff": "$0.52",
        "unit_price_a": "$0.0945 PER OZ",
        "unit_price_b": "$0.0685 PER FL OZ",
        "unit_price_diff": "$0.0260",
        "matching_score": 94.33962264150944
    },
    {
        "product_name_a": "LA FINCA HEALTHY SNACKS ALMONDS 16 OZ",
        "product_name_b": "LA FINCA HEALTHY SNACKS ALMONDS 1 LBS",
        "price_a": "$8.49",
        "price_b": "$8.27",
        "price_diff": "$0.22",
        "unit_price_a": "$0.5306 PER OZ",
        "unit_price_b": "$8.2700 PER LB",
        "unit_price_diff": "$7.7394",
        "matching_score": 91.89189189189189
    }
]